%
%  Vzor bibliografické databáze pro automatickou tvorbu seznamu referencí
%  pomocí BibTeXu
%
%  Doporučený software pro správu databáze literatury formátu *.bib:
%    JabRef, http://jabref.sourceforge.net/
%
%  POZOR:
%
%    *  Písmena v názvech publikací, jež je třeba tisknout vždy velká, se musejí psát
%       do složených závorek ({T}hailand, {HIV})
%
%  ===========================================================================

@BOOK{Andel07,
  title = {Základy matematické statistiky},
  publisher = {Matfyzpress},
  year = {2007},
  author = {Anděl, J.},
  address = {Praha},
  series = {Druhé opravené vydání},
  isbn = {80-7378-001-1}
}

@BOOK{Andel98,
  title = {Statistické metody},
  publisher = {Matfyzpress},
  year = {1998},
  author = {Anděl, J.},
  address = {Praha},
  series = {Druhé přepracované vydání},
  isbn = {80-85863-27-8}
}

@ARTICLE{Cox72,
  author = {Cox, D. R.},
  title = {Regression models and life-tables (with {D}iscussion)},
  journal = {Journal of the Royal Statistical Society, Series B},
  year = {1972},
  volume = {34},
  pages = {187--220},
  number = {2}
}

@ARTICLE{DempsterLairdRubin77,
  author = {Dempster, A. P. and Laird, N. M. and Rubin, D. B.},
  title = {Maximum likelihood from incomplete data via the {EM} algorithm},
  journal = {Journal of the Royal Statistical Society, Series B},
  year = {1977},
  volume = {39},
  pages = {1--38},
  number = {1}
}

@ARTICLE{Genberget08,
  author = {Genberg, B. L. and Kulich, M. and Kawichai, S. and Modiba, P. and
	Chingono, A. and Kilonzo, G. P. and Richter, L. and Pettifor, A.
	and Sweat, M. and Celentano, D. D.},
  title = {{HIV} risk behaviors in Sub-{S}aharan {A}frica and {N}orthern {T}hailand:
	{B}aseline behavioral data from project {A}ccept},
  journal = {Journal of Acquired Immune Deficiency Syndrome},
  year = {2008},
  volume = {49},
  pages = {309--319}
}

@ARTICLE{KaplanMeier58,
  author = {Kaplan, E. L. and Meier, P.},
  title = {Nonparametric estimation from incomplete observations},
  journal = {Journal of the American Statistical Association},
  year = {1958},
  volume = {53},
  pages = {457--481},
  number = {282}
}

@BOOK{LehmannCasella98,
  title = {Theory of Point Estimation},
  publisher = {Springer-Verlag},
  year = {1998},
  author = {Lehmann, E. L. and Casella, G.},
  address = {New York},
  series = {{S}econd {E}dition},
  isbn = {0-387-98502-6}
}

@ARTICLE{Student08,
  author = {Student},
  title = {On the probable error of the mean},
  journal = {Biometrika},
  year = {1908},
  volume = {6},
  pages = {1-25}
}

@article{tango,
title={Dynamic optimality—almost},
author={Demaine, Erik D and Harmon, Dion and Iacono, John and P\v atra{\c s}cu, Mihai},
journal={SIAM Journal on Computing},
volume={37},
number={1},
pages={240--251},
year={2007},
publisher={SIAM}
}

@article{splay,
title={Self-adjusting binary search trees},
author={Sleator, Daniel Dominic and Tarjan, Robert Endre},
journal={Journal of the ACM (JACM)},
volume={32},
number={3},
pages={652--686},
year={1985},
publisher={ACM New York, NY, USA}
}

@article{staticoptimality,
title={Optimum binary search trees},
author={Knuth, Donald E.},
journal={Acta informatica},
volume={1},
number={1},
pages={14--25},
year={1971},
publisher={Springer}
}

@book{sortingsearching,
title={The Art of Computer Programming: Volume 3: Sorting and Searching},
author={Donald Knuth},
publisher={Addison-Wesley Professional},
isbn={0201896850},
year={1998},
edition={2},
}

@article{robson,
title={The height of binary search trees},
author={Robson, John Michael},
journal={Australian Computer Journal},
volume={11},
number={4},
pages={151--153},
year={1979}
}

@article{devroye,
  title={A note on the height of binary search trees},
  author={Devroye, Luc},
  journal={Journal of the ACM (JACM)},
  volume={33},
  number={3},
pages={489--498},
year={1986},
publisher={ACM New York, NY, USA}
}

@inproceedings{AVL,
  title={An algorithm for organization of information},
  author={Adel'son-Vel'skii, George M and Landis, Evgenii Mikhailovich},
  booktitle={Doklady Akademii Nauk},
  volume={146},
  number={2},
  pages={263--266},
  year={1962},
  organization={Russian Academy of Sciences}
}

@inproceedings{redblack,
  title={A dichromatic framework for balanced trees},
  author={Guibas, Leo J and Sedgewick, Robert},
  booktitle={19th Annual Symposium on Foundations of Computer Science (sfcs 1978)},
  pages={8--21},
  year={1978},
  organization={IEEE}
}
  
@inproceedings{rightleaning,
  title={Balanced search trees made simple},
  author={Andersson, Arne},
  booktitle={Workshop on Algorithms and Data Structures},
  pages={60--71},
  year={1993},
  organization={Springer}
}

@inproceedings{leftleaning,
  title={Left-leaning red-black trees},
  author={Sedgewick, Robert},
  booktitle={Dagstuhl Workshop on Data Structures},
  volume={17},
  year={2008}
}

@article{rankbalanced,
    title={Rank-balanced trees},
    author={Haeupler, Bernhard and Sen, Siddhartha and Tarjan, Robert E},
    journal={ACM Transactions on Algorithms (TALG)},
    volume={11},
    number={4},
    pages={1--26},
    year={2015},
    publisher={ACM New York, NY, USA}
}

@inproceedings{dichromatic,
    title={A dichromatic framework for balanced trees},
    author={Guibas, Leo J and Sedgewick, Robert},
    booktitle={19th Annual Symposium on Foundations of Computer Science (sfcs 1978)},
    pages={8--21},
    year={1978},
    organization={IEEE}
}
